<?xml version="1.0" encoding="UTF-8"?><collection xmlns="http://www.loc.gov/MARC21/slim"><record><leader>00419nam--2200133-i-4500</leader><controlfield tag="001">000028491</controlfield><controlfield tag="002">20161230</controlfield><controlfield tag="005">20161230201037</controlfield><controlfield tag="008">060222s1000------------r-----000-0-eng-d</controlfield><datafield ind1=" " ind2=" " tag="080"><subfield code="a">543.53</subfield></datafield><datafield ind1=" " ind2=" " tag="100"><subfield code="a">Lepetit, Henri</subfield></datafield><datafield ind1=" " ind2=" " tag="245"><subfield code="a">Microdosage de l`oxigene dans les metaux par reactif radioactif et par activation aux neutrons rapides de 14 mev. these</subfield></datafield><datafield ind1=" " ind2=" " tag="260"><subfield code="a">Lyon, La Faculte Des Sciences, 1965, 106p</subfield></datafield><datafield ind1=" " ind2=" " tag="852"><subfield code="a">25358</subfield></datafield></record></collection>